<record xmlns="http://www.loc.gov/MARC21/slim" xmlns:xsi="http://www.w3.org/2001/XMLSchema-instance" xsi:schemaLocation="http://www.loc.gov/MARC21/slim http://www.loc.gov/standards/marcxml/schema/MARC21slim.xsd">

  <leader>00713nam a2200181Ia 4500</leader>
  <datafield ind2=" " ind1=" " tag="999">
    <subfield code="c">3</subfield>
    <subfield code="d">3</subfield>
  </datafield>
  <controlfield tag="008">150427b        xxu||||| |||| 00| 0 spa d</controlfield>
  <datafield ind2=" " tag="022" ind1=" ">
    <subfield code="a">02138646</subfield>
  </datafield>
  <datafield tag="090" ind1=" " ind2=" ">
    <subfield code="a">06.03.06</subfield>
    <subfield code="b">1912</subfield>
  </datafield>
  <datafield ind2=" " tag="110" ind1="2">
    <subfield code="9">2494</subfield>
    <subfield code="a">Asociación Universitaria de Formación del Profesorado (AUFOP)</subfield>
  </datafield>
  <datafield tag="245" ind1="1" ind2="0">
    <subfield code="a">Revista Interuniversitaria de formación del profesorado</subfield>
  </datafield>
  <datafield ind1=" " tag="260" ind2=" ">
    <subfield code="a">Zaragoza, España : ·</subfield>
    <subfield code="b">Asociación Universitaria de Formación del Profesorado (AUFOP), </subfield>
    <subfield code="c">2006</subfield>
  </datafield>
  <datafield tag="300" ind1=" " ind2=" ">
    <subfield code="a">Volúmenes</subfield>
  </datafield>
  <datafield ind2=" " ind1=" " tag="500">
    <subfield code="a">La Unidad posee Vol.20, no.1 "Educación intercultural", Vol.20, no.2 "Inmigración y escuela"</subfield>
  </datafield>
  <datafield tag="650" ind1="1" ind2="4">
    <subfield code="9">8</subfield>
    <subfield code="a">EDUCACIÓN SUPERIOR</subfield>
  </datafield>
  <datafield ind2="4" tag="650" ind1="1">
    <subfield code="a">FORMACIÓN DE DOCENTES</subfield>
    <subfield code="9">9</subfield>
  </datafield>
  <datafield tag="650" ind1="1" ind2="4">
    <subfield code="a">PUBLICACIONES PERIÓDICAS</subfield>
    <subfield code="9">3</subfield>
  </datafield>
  <datafield tag="942" ind1=" " ind2=" ">
    <subfield code="2">z</subfield>
    <subfield code="c">03</subfield>
  </datafield>
</record>